[{"retCode": 0, "retMsg": "OK", "result": {"s": "BTCUSDT", "b": [["61988.5", "17.309"], ["61988.4", "0.009"], ["61988.3", "0.853"], ["61988.1", "0.003"], ["61988", "0.002"], ["61987.8", "0.807"], ["61987.5", "0.001"], ["61987.4", "0.636"], ["61987.3", "0.812"], ["61987.2", "0.032"]], "a": [["61988.6", "2.232"], ["61989.2", "0.001"], ["61989.3", "0.001"], ["61989.5", "0.008"], ["61989.6", "0.001"], ["61989.9", "0.001"], ["61990.9", "0.001"], ["61991.2", "0.001"], ["61991.4", "0.015"], ["61991.8", "0.001"]], "ts": 1728151125954, "u": 56545078, "seq": 248650375476, "cts": 1728151125941}, "retExtInfo": {}, "time": 1728151126005}, {"retCode": 0, "retMsg": "OK", "result": {"s": "BTCUSDT", "b": [["61988.5", "17.309"], ["61988.4", "0.009"], ["61988.3", "0.853"], ["61988.1", "0.003"], ["61988", "0.002"], ["61987.8", "0.807"], ["61987.5", "0.001"], ["61987.4", "0.636"], ["61987.3", "0.812"], ["61987.2", "0.032"]], "a": [["61988.6", "2.269"], ["61989.2", "0.001"], ["61989.3", "0.001"], ["61989.5", "0.008"], ["61989.6", "0.001"], ["61989.9", "0.001"], ["61990.9", "0.001"], ["61991.2", "0.001"], ["61991.4", "0.015"], ["61991.8", "0.001"]], "ts": 1728151127354, "u": 56545092, "seq": 248650384124, "cts": 1728151127348}, "retExtInfo": {}, "time": 1728151127436}, {"retCode": 0, "retMsg": "OK", "result": {"s": "BTCUSDT", "b": [["61988.5", "16.225"], ["61988.4", "0.009"], ["61988.3", "0.853"], ["61988.1", "0.003"], ["61988", "0.002"], ["61987.8", "0.807"], ["61987.5", "0.001"], ["61987.4", "0.636"], ["61987.3", "0.812"], ["61987.2", "0.032"]], "a": [["61988.6", "2.28"], ["61989.2", "0.001"], ["61989.3", "0.001"], ["61989.5", "0.008"], ["61989.6", "0.001"], ["61989.9", "0.001"], ["61990.9", "0.001"], ["61991.2", "0.001"], ["61991.4", "0.015"], ["61991.8", "0.001"]], "ts": 1728151128854, "u": 56545107, "seq": 248650393234, "cts": 1728151128851}, "retExtInfo": {}, "time": 1728151128862}, {"retCode": 0, "retMsg": "OK", "result": {"s": "BTCUSDT", "b": [["61988.5", "16.211"], ["61988.4", "0.009"], ["61988.3", "0.853"], ["61988.1", "0.003"], ["61988", "0.002"], ["61987.8", "0.807"], ["61987.5", "0.001"], ["61987.4", "0.636"], ["61987.3", "0.812"], ["61987.2", "0.032"]], "a": [["61988.6", "2.284"], ["61989.2", "0.001"], ["61989.3", "0.001"], ["61989.5", "0.008"], ["61989.6", "0.001"], ["61989.9", "0.001"], ["61990.9", "0.001"], ["61991.2", "0.001"], ["61991.4", "0.015"], ["61991.8", "0.001"]], "ts": 1728151130154, "u": 56545120, "seq": 248650401167, "cts": 1728151130151}, "retExtInfo": {}, "time": 1728151130202}, {"retCode": 0, "retMsg": "OK", "result": {"s": "BTCUSDT", "b": [["61988.5", "16.409"], ["61988.4", "0.009"], ["61988.3", "0.853"], ["61988.1", "0.003"], ["61988", "0.002"], ["61987.8", "0.807"], ["61987.5", "0.001"], ["61987.4", "0.636"], ["61987.3", "0.812"], ["61987.2", "0.032"]], "a": [["61988.6", "2.289"], ["61989.2", "0.001"], ["61989.3", "0.001"], ["61989.5", "0.008"], ["61989.6", "0.001"], ["61989.9", "0.001"], ["61990.9", "0.001"], ["61991.2", "0.001"], ["61991.4", "0.015"], ["61991.8", "0.001"]], "ts": 1728151131554, "u": 56545134, "seq": 248650410365, "cts": 1728151131551}, "retExtInfo": {}, "time": 1728151131633}, {"retCode": 0, "retMsg": "OK", "result": {"s": "BTCUSDT", "b": [["61988.5", "16.375"], ["61988.4", "0.009"], ["61988.3", "0.853"], ["61988.1", "0.003"], ["61988", "0.002"], ["61987.8", "0.807"], ["61987.5", "0.001"], ["61987.4", "0.636"], ["61987.3", "0.812"], ["61987.2", "0.032"]], "a": [["61988.6", "2.289"], ["61989.2", "0.001"], ["61989.3", "0.001"], ["61989.5", "0.008"], ["61989.6", "0.001"], ["61989.9", "0.001"], ["61990.9", "0.001"], ["61991.2", "0.001"], ["61991.4", "0.015"], ["61991.8", "0.001"]], "ts": 1728151133054, "u": 56545149, "seq": 248650420410, "cts": 1728151133033}, "retExtInfo": {}, "time": 1728151133063}, {"retCode": 0, "retMsg": "OK", "result": {"s": "BTCUSDT", "b": [["61988.5", "16.313"], ["61988.4", "0.009"], ["61988.3", "0.853"], ["61988.1", "0.003"], ["61988", "0.002"], ["61987.8", "0.807"], ["61987.5", "0.001"], ["61987.4", "0.636"], ["61987.3", "0.812"], ["61987.2", "0.032"]], "a": [["61988.6", "2.284"], ["61989.2", "0.001"], ["61989.3", "0.001"], ["61989.5", "0.008"], ["61989.6", "0.001"], ["61989.9", "0.001"], ["61990.9", "0.001"], ["61991.2", "0.001"], ["61991.4", "0.015"], ["61991.8", "0.001"]], "ts": 1728151134754, "u": 56545166, "seq": 248650432540, "cts": 1728151134749}, "retExtInfo": {}, "time": 1728151134799}, {"retCode": 0, "retMsg": "OK", "result": {"s": "BTCUSDT", "b": [["61988.5", "16.313"], ["61988.4", "0.009"], ["61988.3", "0.853"], ["61988.1", "0.003"], ["61988", "0.034"], ["61987.8", "0.807"], ["61987.5", "0.001"], ["61987.4", "0.636"], ["61987.3", "0.812"], ["61986.9", "0.001"]], "a": [["61988.6", "2.284"], ["61989.2", "0.001"], ["61989.3", "0.001"], ["61989.5", "0.008"], ["61989.6", "0.001"], ["61989.9", "0.001"], ["61990.9", "0.001"], ["61991.2", "0.001"], ["61991.4", "0.015"], ["61991.8", "0.001"]], "ts": 1728151136154, "u": 56545180, "seq": 248650442020, "cts": 1728151136151}, "retExtInfo": {}, "time": 1728151136232}, {"retCode": 0, "retMsg": "OK", "result": {"s": "BTCUSDT", "b": [["61988.5", "16.312"], ["61988.4", "0.009"], ["61988.3", "0.853"], ["61988.1", "0.003"], ["61988", "0.034"], ["61987.8", "0.807"], ["61987.5", "0.001"], ["61987.4", "0.636"], ["61987.3", "0.812"], ["61986.9", "0.001"]], "a": [["61988.6", "2.284"], ["61989.2", "0.001"], ["61989.3", "0.001"], ["61989.5", "0.008"], ["61989.6", "0.001"], ["61989.9", "0.001"], ["61990.9", "0.001"], ["61991.2", "0.001"], ["61991.4", "0.015"], ["61991.8", "0.001"]], "ts": 1728151137554, "u": 56545194, "seq": 248650451486, "cts": 1728151137548}, "retExtInfo": {}, "time": 1728151137653}, {"retCode": 0, "retMsg": "OK", "result": {"s": "BTCUSDT", "b": [["61988.5", "16.324"], ["61988.4", "0.049"], ["61988.3", "0.853"], ["61988.1", "0.003"], ["61988", "0.035"], ["61987.8", "0.807"], ["61987.5", "0.001"], ["61987.4", "0.636"], ["61987.3", "0.812"], ["61986.9", "0.001"]], "a": [["61988.6", "2.261"], ["61989.2", "0.001"], ["61989.3", "0.001"], ["61989.5", "0.008"], ["61989.6", "0.001"], ["61989.9", "0.001"], ["61990.9", "0.001"], ["61991.2", "0.001"], ["61991.4", "0.015"], ["61991.8", "0.001"]], "ts": 1728151139354, "u": 56545211, "seq": 248650462251, "cts": 1728151139350}, "retExtInfo": {}, "time": 1728151139423}, {"retCode": 0, "retMsg": "OK", "result": {"s": "BTCUSDT", "b": [["61988.5", "16.3"], ["61988.4", "0.049"], ["61988.3", "0.853"], ["61988.1", "0.003"], ["61988", "0.035"], ["61987.8", "0.807"], ["61987.5", "0.001"], ["61987.4", "0.636"], ["61987.3", "0.812"], ["61986.9", "0.001"]], "a": [["61988.6", "2.274"], ["61989.2", "0.001"], ["61989.3", "0.001"], ["61989.5", "0.008"], ["61989.6", "0.001"], ["61989.9", "0.001"], ["61990.9", "0.001"], ["61991.2", "0.001"], ["61991.4", "0.015"], ["61991.8", "0.001"]], "ts": 1728151140754, "u": 56545225, "seq": 248650471240, "cts": 1728151140746}, "retExtInfo": {}, "time": 1728151140820}, {"retCode": 0, "retMsg": "OK", "result": {"s": "BTCUSDT", "b": [["61988.5", "16.306"], ["61988.4", "0.049"], ["61988.3", "0.853"], ["61988.1", "0.003"], ["61988", "0.035"], ["61987.8", "0.807"], ["61987.5", "0.001"], ["61987.4", "0.636"], ["61987.3", "0.812"], ["61986.9", "0.001"]], "a": [["61988.6", "2.272"], ["61989.2", "0.001"], ["61989.3", "0.001"], ["61989.5", "0.009"], ["61989.6", "0.001"], ["61989.9", "0.001"], ["61990.9", "0.001"], ["61991.2", "0.001"], ["61991.4", "0.015"], ["61991.8", "0.001"]], "ts": 1728151142154, "u": 56545239, "seq": 248650480550, "cts": 1728151142146}, "retExtInfo": {}, "time": 1728151142182}, {"retCode": 0, "retMsg": "OK", "result": {"s": "BTCUSDT", "b": [["61988.5", "16.311"], ["61988.4", "0.049"], ["61988.3", "0.853"], ["61988.1", "0.003"], ["61988", "0.035"], ["61987.8", "0.807"], ["61987.5", "0.001"], ["61987.4", "0.636"], ["61987.3", "0.812"], ["61986.9", "0.001"]], "a": [["61988.6", "2.278"], ["61989.2", "0.001"], ["61989.3", "0.001"], ["61989.5", "0.009"], ["61989.6", "0.001"], ["61989.9", "0.001"], ["61990.9", "0.001"], ["61991.2", "0.001"], ["61991.4", "0.015"], ["61991.8", "0.001"]], "ts": 1728151143554, "u": 56545253, "seq": 248650489959, "cts": 1728151143552}, "retExtInfo": {}, "time": 1728151143586}, {"retCode": 0, "retMsg": "OK", "result": {"s": "BTCUSDT", "b": [["61988.5", "16.311"], ["61988.4", "0.049"], ["61988.3", "0.853"], ["61988.1", "0.003"], ["61988", "0.035"], ["61987.8", "0.807"], ["61987.5", "0.001"], ["61987.4", "0.636"], ["61987.3", "0.812"], ["61986.9", "0.001"]], "a": [["61988.6", "3.098"], ["61989.2", "0.001"], ["61989.3", "0.001"], ["61989.5", "0.009"], ["61989.6", "0.001"], ["61989.9", "0.001"], ["61990", "0.073"], ["61990.9", "0.001"], ["61991.2", "0.001"], ["61991.4", "0.015"]], "ts": 1728151144954, "u": 56545267, "seq": 248650499376, "cts": 1728151144953}, "retExtInfo": {}, "time": 1728151145031}, {"retCode": 0, "retMsg": "OK", "result": {"s": "BTCUSDT", "b": [["61988.5", "16.306"], ["61988.4", "0.049"], ["61988.3", "0.853"], ["61988.1", "0.003"], ["61988", "0.035"], ["61987.8", "0.807"], ["61987.5", "0.001"], ["61987.4", "0.636"], ["61987.3", "0.812"], ["61986.9", "0.001"]], "a": [["61988.6", "3.082"], ["61989.2", "0.001"], ["61989.3", "0.001"], ["61989.5", "0.009"], ["61989.6", "0.001"], ["61989.9", "0.001"], ["61990", "0.073"], ["61990.9", "0.001"], ["61991.2", "0.001"], ["61991.4", "0.015"]], "ts": 1728151146454, "u": 56545282, "seq": 248650507273, "cts": 1728151146449}, "retExtInfo": {}, "time": 1728151146469}, {"retCode": 0, "retMsg": "OK", "result": {"s": "BTCUSDT", "b": [["61988.5", "15.311"], ["61988.4", "0.049"], ["61988.3", "0.853"], ["61988.1", "0.003"], ["61988", "0.035"], ["61987.8", "0.807"], ["61987.5", "0.001"], ["61987.4", "0.636"], ["61987.3", "0.812"], ["61986.9", "0.001"]], "a": [["61988.6", "2.271"], ["61988.9", "0.017"], ["61989.2", "0.001"], ["61989.3", "0.001"], ["61989.5", "0.009"], ["61989.6", "0.001"], ["61989.9", "0.001"], ["61990", "0.073"], ["61990.9", "0.001"], ["61991.2", "0.001"]], "ts": 1728151147754, "u": 56545295, "seq": 248650510890, "cts": 1728151147750}, "retExtInfo": {}, "time": 1728151147829}, {"retCode": 0, "retMsg": "OK", "result": {"s": "BTCUSDT", "b": [["61988.5", "14.256"], ["61988.4", "0.049"], ["61988.3", "0.853"], ["61988.1", "0.003"], ["61988", "0.035"], ["61987.8", "0.807"], ["61987.5", "0.001"], ["61987.4", "0.636"], ["61987.3", "0.812"], ["61986.9", "0.001"]], "a": [["61988.6", "3.051"], ["61988.9", "0.017"], ["61989.2", "0.001"], ["61989.3", "0.001"], ["61989.5", "0.009"], ["61989.6", "0.001"], ["61989.9", "0.001"], ["61990", "0.073"], ["61990.9", "0.001"], ["61991.2", "0.001"]], "ts": 1728151149154, "u": 56545309, "seq": 248650516926, "cts": 1728151149131}, "retExtInfo": {}, "time": 1728151149231}, {"retCode": 0, "retMsg": "OK", "result": {"s": "BTCUSDT", "b": [["61988.5", "14.261"], ["61988.4", "0.049"], ["61988.3", "0.853"], ["61988.1", "0.003"], ["61988", "0.035"], ["61987.8", "0.807"], ["61987.5", "0.001"], ["61987.4", "0.636"], ["61987.3", "0.812"], ["61986.9", "0.001"]], "a": [["61988.6", "2.238"], ["61988.9", "0.017"], ["61989.2", "0.001"], ["61989.3", "0.001"], ["61989.5", "0.009"], ["61989.6", "0.001"], ["61989.9", "0.001"], ["61990", "0.073"], ["61990.9", "0.001"], ["61991.2", "0.001"]], "ts": 1728151150654, "u": 56545324, "seq": 248650525839, "cts": 1728151150651}, "retExtInfo": {}, "time": 1728151150671}, {"retCode": 0, "retMsg": "OK", "result": {"s": "BTCUSDT", "b": [["61988.5", "14.261"], ["61988.4", "0.049"], ["61988.3", "0.853"], ["61988.1", "0.003"], ["61988", "0.035"], ["61987.8", "0.807"], ["61987.5", "0.001"], ["61987.4", "0.636"], ["61987.3", "0.812"], ["61986.9", "0.001"]], "a": [["61988.6", "3.077"], ["61988.9", "0.017"], ["61989.2", "0.001"], ["61989.3", "0.001"], ["61989.5", "0.009"], ["61989.6", "0.001"], ["61989.9", "0.001"], ["61990", "0.073"], ["61990.9", "0.001"], ["61991.2", "0.001"]], "ts": 1728151152054, "u": 56545338, "seq": 248650531151, "cts": 1728151152048}, "retExtInfo": {}, "time": 1728151152091}, {"retCode": 0, "retMsg": "OK", "result": {"s": "BTCUSDT", "b": [["61988.5", "14.261"], ["61988.4", "0.049"], ["61988.3", "0.853"], ["61988.1", "0.003"], ["61988", "0.035"], ["61987.8", "0.807"], ["61987.5", "0.001"], ["61987.4", "0.636"], ["61987.3", "0.812"], ["61986.9", "0.001"]], "a": [["61988.6", "3.073"], ["61988.9", "0.017"], ["61989.2", "0.001"], ["61989.3", "0.001"], ["61989.5", "0.009"], ["61989.6", "0.001"], ["61989.9", "0.001"], ["61990", "0.073"], ["61990.9", "0.001"], ["61991.2", "0.001"]], "ts": 1728151153455, "u": 56545352, "seq": 248650534451, "cts": 1728151153441}, "retExtInfo": {}, "time": 1728151153533}, {"retCode": 0, "retMsg": "OK", "result": {"s": "BTCUSDT", "b": [["61988.5", "12.256"], ["61988.4", "0.049"], ["61988.3", "0.853"], ["61988.1", "0.003"], ["61988", "0.035"], ["61987.8", "0.807"], ["61987.5", "0.001"], ["61987.4", "0.636"], ["61987.3", "0.812"], ["61986.9", "0.001"]], "a": [["61988.6", "3.899"], ["61988.9", "0.017"], ["61989.2", "0.001"], ["61989.3", "0.001"], ["61989.5", "0.009"], ["61989.6", "0.001"], ["61989.9", "0.001"], ["61990", "0.073"], ["61990.9", "0.001"], ["61991.2", "0.001"]], "ts": 1728151154954, "u": 56545367, "seq": 248650537835, "cts": 1728151154938}, "retExtInfo": {}, "time": 1728151154974}, {"retCode": 0, "retMsg": "OK", "result": {"s": "BTCUSDT", "b": [["61988.5", "13.056"], ["61988.4", "0.049"], ["61988.3", "0.853"], ["61988.1", "0.003"], ["61988", "0.035"], ["61987.8", "0.807"], ["61987.5", "0.001"], ["61987.4", "0.636"], ["61987.3", "0.812"], ["61986.9", "0.001"]], "a": [["61988.6", "3.075"], ["61988.9", "0.017"], ["61989.2", "0.001"], ["61989.3", "0.001"], ["61989.5", "0.009"], ["61989.6", "0.001"], ["61989.9", "0.001"], ["61990", "0.073"], ["61990.9", "0.001"], ["61991.2", "0.001"]], "ts": 1728151156354, "u": 56545381, "seq": 248650541381, "cts": 1728151156343}, "retExtInfo": {}, "time": 1728151156413}, {"retCode": 0, "retMsg": "OK", "result": {"s": "BTCUSDT", "b": [["61988.5", "13.094"], ["61988.4", "0.049"], ["61988.3", "0.853"], ["61988.1", "0.003"], ["61988", "0.035"], ["61987.8", "0.807"], ["61987.5", "0.001"], ["61987.4", "0.636"], ["61987.3", "0.812"], ["61986.9", "0.001"]], "a": [["61988.6", "2.253"], ["61988.9", "0.017"], ["61989.2", "0.001"], ["61989.3", "0.001"], ["61989.5", "0.009"], ["61989.6", "0.001"], ["61989.9", "0.001"], ["61990", "0.073"], ["61990.9", "0.001"], ["61991.2", "0.001"]], "ts": 1728151157854, "u": 56545396, "seq": 248650550464, "cts": 1728151157851}, "retExtInfo": {}, "time": 1728151157889}, {"retCode": 0, "retMsg": "OK", "result": {"s": "BTCUSDT", "b": [["61988.5", "12.29"], ["61988.4", "0.049"], ["61988.3", "0.853"], ["61988.1", "0.003"], ["61988", "0.003"], ["61987.8", "0.807"], ["61987.5", "0.001"], ["61987.4", "0.642"], ["61987.3", "0.806"], ["61986.9", "0.001"]], "a": [["61988.6", "9.623"], ["61988.9", "0.017"], ["61989.2", "0.001"], ["61989.3", "0.001"], ["61989.5", "0.009"], ["61989.6", "0.001"], ["61989.9", "0.024"], ["61990", "0.073"], ["61990.9", "0.001"], ["61991.2", "0.001"]], "ts": 1728151159254, "u": 56545410, "seq": 248650553882, "cts": 1728151159250}, "retExtInfo": {}, "time": 1728151159257}, {"retCode": 0, "retMsg": "OK", "result": {"s": "BTCUSDT", "b": [["61988.5", "12.29"], ["61988.4", "0.049"], ["61988.3", "0.853"], ["61988.1", "0.003"], ["61988", "0.003"], ["61987.8", "0.807"], ["61987.5", "0.001"], ["61987.4", "0.642"], ["61987.3", "0.806"], ["61986.9", "0.001"]], "a": [["61988.6", "8.361"], ["61988.9", "0.017"], ["61989.2", "0.001"], ["61989.3", "0.001"], ["61989.5", "0.009"], ["61989.6", "0.001"], ["61989.9", "0.024"], ["61990", "0.073"], ["61990.9", "0.001"], ["61991.2", "0.001"]], "ts": 1728151160554, "u": 56545423, "seq": 248650555857, "cts": 1728151160549}, "retExtInfo": {}, "time": 1728151160626}, {"retCode": 0, "retMsg": "OK", "result": {"s": "BTCUSDT", "b": [["61988.5", "12.29"], ["61988.4", "0.049"], ["61988.3", "0.853"], ["61988.1", "0.003"], ["61988", "0.003"], ["61987.8", "0.807"], ["61987.5", "0.001"], ["61987.4", "0.642"], ["61987.3", "0.806"], ["61987.1", "0.005"]], "a": [["61988.6", "6.971"], ["61988.9", "0.017"], ["61989.2", "0.001"], ["61989.3", "0.001"], ["61989.5", "0.009"], ["61989.6", "0.001"], ["61989.9", "0.024"], ["61990", "0.073"], ["61990.9", "0.001"], ["61991.2", "0.001"]], "ts": 1728151161955, "u": 56545436, "seq": 248650558692, "cts": 1728151161944}, "retExtInfo": {}, "time": 1728151162048}, {"retCode": 0, "retMsg": "OK", "result": {"s": "BTCUSDT", "b": [["61988.5", "12.307"], ["61988.4", "0.049"], ["61988.3", "0.853"], ["61988.1", "0.003"], ["61988", "0.003"], ["61987.8", "0.807"], ["61987.5", "0.001"], ["61987.4", "0.642"], ["61987.3", "0.806"], ["61986.9", "0.001"]], "a": [["61988.6", "6.127"], ["61988.9", "0.017"], ["61989.2", "0.001"], ["61989.3", "0.001"], ["61989.5", "0.009"], ["61989.6", "0.001"], ["61989.9", "0.024"], ["61990", "0.073"], ["61990.9", "0.001"], ["61991.2", "0.001"]], "ts": 1728151163354, "u": 56545450, "seq": 248650561323, "cts": 1728151163344}, "retExtInfo": {}, "time": 1728151163400}, {"retCode": 0, "retMsg": "OK", "result": {"s": "BTCUSDT", "b": [["61988.5", "12.302"], ["61988.4", "0.049"], ["61988.3", "0.853"], ["61988", "0.003"], ["61987.8", "0.807"], ["61987.5", "0.001"], ["61987.4", "0.642"], ["61987.3", "0.806"], ["61986.9", "0.001"], ["61986.8", "0.021"]], "a": [["61988.6", "6.132"], ["61988.9", "0.017"], ["61989.2", "0.001"], ["61989.3", "0.001"], ["61989.5", "0.009"], ["61989.6", "0.001"], ["61989.9", "0.024"], ["61990", "0.073"], ["61990.9", "0.001"], ["61991.2", "0.001"]], "ts": 1728151164754, "u": 56545464, "seq": 248650564050, "cts": 1728151164745}, "retExtInfo": {}, "time": 1728151164796}, {"retCode": 0, "retMsg": "OK", "result": {"s": "BTCUSDT", "b": [["61988.5", "12.331"], ["61988.4", "0.049"], ["61988.3", "0.853"], ["61988", "0.003"], ["61987.8", "0.807"], ["61987.5", "0.001"], ["61987.4", "0.636"], ["61987.3", "0.806"], ["61986.9", "0.001"], ["61986.8", "0.021"]], "a": [["61988.6", "3.926"], ["61988.9", "0.017"], ["61989.2", "0.001"], ["61989.3", "0.001"], ["61989.5", "0.009"], ["61989.6", "0.001"], ["61989.9", "0.024"], ["61990", "0.073"], ["61990.9", "0.001"], ["61991.2", "0.001"]], "ts": 1728151166454, "u": 56545481, "seq": 248650567793, "cts": 1728151166446}, "retExtInfo": {}, "time": 1728151166467}, {"retCode": 0, "retMsg": "OK", "result": {"s": "BTCUSDT", "b": [["61988.5", "11.961"], ["61988.4", "0.049"], ["61988.3", "0.853"], ["61988", "0.003"], ["61987.8", "0.807"], ["61987.5", "0.001"], ["61987.4", "0.636"], ["61987.3", "0.806"], ["61986.9", "0.001"], ["61986.8", "0.021"]], "a": [["61988.6", "3.622"], ["61988.9", "0.017"], ["61989.2", "0.001"], ["61989.3", "0.001"], ["61989.5", "0.009"], ["61989.6", "0.001"], ["61989.9", "0.024"], ["61990", "0.073"], ["61990.9", "0.001"], ["61991.2", "0.001"]], "ts": 1728151167754, "u": 56545494, "seq": 248650570688, "cts": 1728151167746}, "retExtInfo": {}, "time": 1728151167863}, {"retCode": 0, "retMsg": "OK", "result": {"s": "BTCUSDT", "b": [["61988.5", "11.965"], ["61988.4", "0.049"], ["61988.3", "0.853"], ["61988", "0.003"], ["61987.8", "0.807"], ["61987.5", "0.001"], ["61987.4", "0.642"], ["61987.3", "0.806"], ["61986.9", "0.001"], ["61986.8", "0.021"]], "a": [["61988.6", "3.518"], ["61988.9", "0.017"], ["61989.2", "0.001"], ["61989.3", "0.001"], ["61989.5", "0.009"], ["61989.6", "0.001"], ["61989.9", "0.024"], ["61990", "0.073"], ["61990.9", "0.001"], ["61991.2", "0.001"]], "ts": 1728151169254, "u": 56545508, "seq": 248650574325, "cts": 1728151169233}, "retExtInfo": {}, "time": 1728151169336}, {"retCode": 0, "retMsg": "OK", "result": {"s": "BTCUSDT", "b": [["61988.5", "12.89"], ["61988.4", "0.049"], ["61988.3", "0.853"], ["61988", "0.035"], ["61987.8", "0.807"], ["61987.5", "0.001"], ["61987.4", "0.642"], ["61987.3", "0.806"], ["61986.9", "0.001"], ["61986.8", "0.021"]], "a": [["61988.6", "2.454"], ["61988.9", "0.017"], ["61989.2", "0.001"], ["61989.3", "0.001"], ["61989.5", "0.009"], ["61989.6", "0.001"], ["61989.9", "0.001"], ["61990.9", "0.001"], ["61991.2", "0.001"], ["61991.4", "0.015"]], "ts": 1728151170654, "u": 56545522, "seq": 248650583096, "cts": 1728151170652}, "retExtInfo": {}, "time": 1728151170732}, {"retCode": 0, "retMsg": "OK", "result": {"s": "BTCUSDT", "b": [["61988.5", "12.873"], ["61988.4", "0.891"], ["61988.3", "0.853"], ["61988.1", "0.003"], ["61988", "0.035"], ["61987.8", "0.807"], ["61987.5", "0.001"], ["61987.3", "0.806"], ["61986.9", "0.001"], ["61986.8", "0.021"]], "a": [["61988.6", "2.576"], ["61988.9", "0.017"], ["61989.2", "0.001"], ["61989.3", "0.001"], ["61989.5", "0.009"], ["61989.6", "0.001"], ["61989.9", "0.001"], ["61990.9", "0.001"], ["61991.2", "0.001"], ["61991.4", "0.015"]], "ts": 1728151172154, "u": 56545537, "seq": 248650591598, "cts": 1728151172151}, "retExtInfo": {}, "time": 1728151172166}, {"retCode": 0, "retMsg": "OK", "result": {"s": "BTCUSDT", "b": [["61988.5", "13.217"], ["61988.4", "0.891"], ["61988.3", "0.853"], ["61988.1", "0.003"], ["61988", "0.035"], ["61987.8", "0.807"], ["61987.5", "0.001"], ["61987.3", "0.812"], ["61986.9", "0.001"], ["61986.8", "0.021"]], "a": [["61988.6", "2.466"], ["61988.9", "0.017"], ["61989.2", "0.001"], ["61989.3", "0.001"], ["61989.5", "0.009"], ["61989.6", "0.001"], ["61989.9", "0.001"], ["61990.9", "0.001"], ["61991.2", "0.001"], ["61991.4", "0.015"]], "ts": 1728151173555, "u": 56545551, "seq": 248650599664, "cts": 1728151173552}, "retExtInfo": {}, "time": 1728151173611}, {"retCode": 0, "retMsg": "OK", "result": {"s": "BTCUSDT", "b": [["61988.5", "13.211"], ["61988.4", "0.891"], ["61988.3", "0.853"], ["61988.1", "0.003"], ["61988", "0.035"], ["61987.8", "0.807"], ["61987.5", "0.001"], ["61987.3", "0.812"], ["61986.9", "0.001"], ["61986.8", "0.021"]], "a": [["61988.6", "0.751"], ["61988.9", "0.017"], ["61989.2", "0.001"], ["61989.3", "0.001"], ["61989.5", "0.009"], ["61989.6", "0.001"], ["61989.9", "0.001"], ["61990.9", "0.001"], ["61991.2", "0.001"], ["61991.4", "0.015"]], "ts": 1728151174954, "u": 56545565, "seq": 248650609660, "cts": 1728151174952}, "retExtInfo": {}, "time": 1728151175024}, {"retCode": 0, "retMsg": "OK", "result": {"s": "BTCUSDT", "b": [["61988.5", "11.241"], ["61988.4", "0.891"], ["61988.3", "0.853"], ["61988.1", "0.003"], ["61988", "0.035"], ["61987.8", "0.807"], ["61987.5", "0.001"], ["61987.3", "0.812"], ["61986.9", "0.001"], ["61986.8", "0.021"]], "a": [["61988.6", "0.754"], ["61988.9", "0.017"], ["61989.2", "0.001"], ["61989.3", "0.001"], ["61989.5", "0.009"], ["61989.6", "0.001"], ["61989.9", "0.001"], ["61990", "0.073"], ["61990.9", "0.001"], ["61991.2", "0.001"]], "ts": 1728151176454, "u": 56545580, "seq": 248650623265, "cts": 1728151176449}, "retExtInfo": {}, "time": 1728151176477}, {"retCode": 0, "retMsg": "OK", "result": {"s": "BTCUSDT", "b": [["61988.5", "11.241"], ["61988.4", "0.891"], ["61988.3", "0.853"], ["61988.1", "0.003"], ["61988", "0.035"], ["61987.8", "0.807"], ["61987.5", "0.001"], ["61987.3", "0.812"], ["61986.9", "0.001"], ["61986.8", "0.021"]], "a": [["61988.6", "0.874"], ["61988.9", "0.017"], ["61989.2", "0.001"], ["61989.3", "0.001"], ["61989.5", "0.009"], ["61989.6", "0.001"], ["61989.9", "0.001"], ["61990", "0.073"], ["61990.9", "0.001"], ["61991.2", "0.001"]], "ts": 1728151177854, "u": 56545594, "seq": 248650635662, "cts": 1728151177845}, "retExtInfo": {}, "time": 1728151177900}, {"retCode": 0, "retMsg": "OK", "result": {"s": "BTCUSDT", "b": [["61988.5", "11.248"], ["61988.4", "0.891"], ["61988.3", "0.853"], ["61988.1", "0.003"], ["61988", "0.035"], ["61987.8", "0.807"], ["61987.5", "0.001"], ["61987.3", "0.812"], ["61986.9", "0.001"], ["61986.8", "0.021"]], "a": [["61988.6", "0.862"], ["61988.9", "0.017"], ["61989.2", "0.001"], ["61989.3", "0.001"], ["61989.5", "0.009"], ["61989.6", "0.001"], ["61989.9", "0.001"], ["61990", "0.073"], ["61990.9", "0.001"], ["61991.2", "0.001"]], "ts": 1728151179254, "u": 56545608, "seq": 248650647931, "cts": 1728151179250}, "retExtInfo": {}, "time": 1728151179339}, {"retCode": 0, "retMsg": "OK", "result": {"s": "BTCUSDT", "b": [["61988.5", "10.423"], ["61988.4", "0.891"], ["61988.3", "0.853"], ["61988.1", "0.003"], ["61988", "0.035"], ["61987.8", "0.807"], ["61987.5", "0.001"], ["61987.3", "0.806"], ["61986.9", "0.001"], ["61986.8", "0.021"]], "a": [["61988.6", "3.464"], ["61988.9", "0.017"], ["61989.2", "0.001"], ["61989.3", "0.001"], ["61989.5", "0.009"], ["61989.6", "0.001"], ["61989.9", "0.001"], ["61990", "0.073"], ["61990.7", "0.01"], ["61990.8", "0.549"]], "ts": 1728151180754, "u": 56545623, "seq": 248650653641, "cts": 1728151180751}, "retExtInfo": {}, "time": 1728151180766}, {"retCode": 0, "retMsg": "OK", "result": {"s": "BTCUSDT", "b": [["61988.5", "10.455"], ["61988.4", "0.891"], ["61988.3", "0.853"], ["61988.1", "0.003"], ["61988", "0.035"], ["61987.8", "0.807"], ["61987.5", "0.001"], ["61987.3", "0.806"], ["61986.9", "0.001"], ["61986.8", "0.021"]], "a": [["61988.6", "3.625"], ["61988.9", "0.017"], ["61989.2", "0.001"], ["61989.3", "0.001"], ["61989.5", "0.009"], ["61989.6", "0.001"], ["61989.9", "0.001"], ["61990", "0.073"], ["61990.7", "0.01"], ["61990.8", "0.549"]], "ts": 1728151182154, "u": 56545637, "seq": 248650656559, "cts": 1728151182150}, "retExtInfo": {}, "time": 1728151182191}, {"retCode": 0, "retMsg": "OK", "result": {"s": "BTCUSDT", "b": [["61988.5", "10.468"], ["61988.4", "0.891"], ["61988.3", "0.853"], ["61988.1", "0.003"], ["61988", "0.035"], ["61987.8", "0.807"], ["61987.5", "0.001"], ["61987.3", "0.806"], ["61986.9", "0.001"], ["61986.8", "0.021"]], "a": [["61988.6", "3.651"], ["61988.9", "0.017"], ["61989.2", "0.001"], ["61989.3", "0.001"], ["61989.5", "0.009"], ["61989.6", "0.001"], ["61989.9", "0.001"], ["61990", "0.073"], ["61990.7", "0.01"], ["61990.8", "0.549"]], "ts": 1728151183554, "u": 56545651, "seq": 248650659507, "cts": 1728151183546}, "retExtInfo": {}, "time": 1728151183632}, {"retCode": 0, "retMsg": "OK", "result": {"s": "BTCUSDT", "b": [["61988.5", "11.222"], ["61988.4", "0.891"], ["61988.3", "0.859"], ["61988.1", "0.003"], ["61988", "0.035"], ["61987.8", "0.807"], ["61987.5", "0.001"], ["61987.3", "0.806"], ["61986.9", "0.001"], ["61986.8", "0.021"]], "a": [["61988.6", "2.73"], ["61988.9", "0.017"], ["61989.2", "0.001"], ["61989.3", "0.001"], ["61989.5", "0.009"], ["61989.6", "0.001"], ["61989.9", "0.001"], ["61990", "0.073"], ["61990.7", "0.01"], ["61990.8", "0.549"]], "ts": 1728151185055, "u": 56545666, "seq": 248650663105, "cts": 1728151185053}, "retExtInfo": {}, "time": 1728151185088}, {"retCode": 0, "retMsg": "OK", "result": {"s": "BTCUSDT", "b": [["61988.5", "11.236"], ["61988.4", "0.891"], ["61988.3", "0.859"], ["61988.1", "0.003"], ["61988", "0.035"], ["61987.8", "0.807"], ["61987.5", "0.001"], ["61987.3", "0.806"], ["61986.9", "0.001"], ["61986.8", "0.021"]], "a": [["61988.6", "2.731"], ["61988.9", "0.017"], ["61989.2", "0.001"], ["61989.3", "0.001"], ["61989.5", "0.009"], ["61989.6", "0.001"], ["61989.9", "0.001"], ["61990", "0.073"], ["61990.7", "0.01"], ["61990.8", "0.549"]], "ts": 1728151186754, "u": 56545683, "seq": 248650669379, "cts": 1728151186747}, "retExtInfo": {}, "time": 1728151186820}, {"retCode": 0, "retMsg": "OK", "result": {"s": "BTCUSDT", "b": [["61988.5", "10.429"], ["61988.4", "0.891"], ["61988.3", "0.853"], ["61988.1", "0.003"], ["61988", "0.035"], ["61987.9", "0.006"], ["61987.8", "0.807"], ["61987.5", "0.001"], ["61987.3", "0.806"], ["61986.9", "0.001"]], "a": [["61988.6", "3.558"], ["61988.9", "0.017"], ["61989.2", "0.001"], ["61989.3", "0.001"], ["61989.5", "0.009"], ["61989.6", "0.001"], ["61989.9", "0.001"], ["61990", "0.073"], ["61990.7", "0.01"], ["61990.8", "0.549"]], "ts": 1728151188154, "u": 56545696, "seq": 248650672982, "cts": 1728151188149}, "retExtInfo": {}, "time": 1728151188184}, {"retCode": 0, "retMsg": "OK", "result": {"s": "BTCUSDT", "b": [["61988.5", "10.251"], ["61988.4", "0.891"], ["61988.3", "0.853"], ["61988.1", "0.003"], ["61988", "0.035"], ["61987.9", "0.006"], ["61987.8", "0.807"], ["61987.5", "0.001"], ["61987.3", "0.806"], ["61986.9", "0.001"]], "a": [["61988.6", "3.683"], ["61988.9", "0.017"], ["61989.2", "0.001"], ["61989.3", "0.001"], ["61989.5", "0.009"], ["61989.6", "0.001"], ["61989.9", "0.039"], ["61990", "0.105"], ["61990.7", "0.01"], ["61990.8", "0.549"]], "ts": 1728151189554, "u": 56545710, "seq": 248650675971, "cts": 1728151189553}, "retExtInfo": {}, "time": 1728151189569}, {"retCode": 0, "retMsg": "OK", "result": {"s": "BTCUSDT", "b": [["61988.5", "10.251"], ["61988.4", "0.891"], ["61988.3", "0.853"], ["61988.1", "0.003"], ["61988", "0.035"], ["61987.9", "0.006"], ["61987.8", "0.807"], ["61987.5", "0.001"], ["61987.3", "0.806"], ["61986.9", "0.001"]], "a": [["61988.6", "3.682"], ["61988.9", "0.017"], ["61989.2", "0.001"], ["61989.3", "0.001"], ["61989.5", "0.009"], ["61989.6", "0.001"], ["61989.9", "0.039"], ["61990", "0.105"], ["61990.7", "0.01"], ["61990.8", "0.549"]], "ts": 1728151190954, "u": 56545724, "seq": 248650678954, "cts": 1728151190931}, "retExtInfo": {}, "time": 1728151191001}, {"retCode": 0, "retMsg": "OK", "result": {"s": "BTCUSDT", "b": [["61988.5", "11.101"], ["61988.4", "0.898"], ["61988.3", "0.853"], ["61988.1", "0.003"], ["61988", "0.041"], ["61987.8", "0.807"], ["61987.5", "0.001"], ["61987.3", "0.806"], ["61986.9", "0.001"], ["61986.8", "0.021"]], "a": [["61988.6", "2.034"], ["61988.9", "0.017"], ["61989.2", "0.001"], ["61989.3", "0.001"], ["61989.5", "0.009"], ["61989.6", "0.001"], ["61989.9", "0.039"], ["61990", "0.105"], ["61990.7", "0.01"], ["61990.8", "0.549"]], "ts": 1728151192754, "u": 56545742, "seq": 248650688454, "cts": 1728151192736}, "retExtInfo": {}, "time": 1728151192756}, {"retCode": 0, "retMsg": "OK", "result": {"s": "BTCUSDT", "b": [["61988.5", "10.99"], ["61988.4", "0.898"], ["61988.3", "0.853"], ["61988.1", "0.003"], ["61988", "0.041"], ["61987.8", "0.807"], ["61987.5", "0.001"], ["61987.3", "0.806"], ["61986.9", "0.001"], ["61986.8", "0.021"]], "a": [["61988.6", "2.031"], ["61988.9", "0.017"], ["61989.2", "0.001"], ["61989.3", "0.001"], ["61989.5", "0.009"], ["61989.6", "0.001"], ["61989.9", "0.039"], ["61990", "0.105"], ["61990.7", "0.01"], ["61990.8", "0.549"]], "ts": 1728151194054, "u": 56545755, "seq": 248650692496, "cts": 1728151194039}, "retExtInfo": {}, "time": 1728151194083}, {"retCode": 0, "retMsg": "OK", "result": {"s": "BTCUSDT", "b": [["61988.5", "11.032"], ["61988.4", "0.898"], ["61988.3", "0.853"], ["61988.1", "0.003"], ["61988", "0.041"], ["61987.8", "0.807"], ["61987.5", "0.001"], ["61987.3", "0.806"], ["61986.9", "0.001"], ["61986.8", "0.021"]], "a": [["61988.6", "1.615"], ["61988.9", "0.017"], ["61989.2", "0.001"], ["61989.3", "0.001"], ["61989.5", "0.009"], ["61989.6", "0.001"], ["61989.9", "0.039"], ["61990", "0.105"], ["61990.7", "0.01"], ["61990.8", "0.549"]], "ts": 1728151195454, "u": 56545769, "seq": 248650702609, "cts": 1728151195446}, "retExtInfo": {}, "time": 1728151195497}, {"retCode": 0, "retMsg": "OK", "result": {"s": "BTCUSDT", "b": [["61988.5", "11.027"], ["61988.4", "0.898"], ["61988.3", "0.853"], ["61988.1", "0.003"], ["61988", "0.041"], ["61987.8", "0.807"], ["61987.5", "0.001"], ["61987.3", "0.806"], ["61986.9", "0.001"], ["61986.8", "0.021"]], "a": [["61988.6", "1.337"], ["61988.9", "0.017"], ["61989.2", "0.001"], ["61989.3", "0.001"], ["61989.5", "0.009"], ["61989.6", "0.001"], ["61989.9", "0.001"], ["61990", "0.105"], ["61990.7", "0.01"], ["61990.8", "0.549"]], "ts": 1728151196854, "u": 56545783, "seq": 248650712117, "cts": 1728151196840}, "retExtInfo": {}, "time": 1728151196930}, {"retCode": 0, "retMsg": "OK", "result": {"s": "BTCUSDT", "b": [["61988.5", "10.97"], ["61988.4", "0.898"], ["61988.3", "0.853"], ["61988.1", "0.003"], ["61988", "0.035"], ["61987.8", "0.807"], ["61987.5", "0.001"], ["61987.3", "0.806"], ["61986.9", "0.001"], ["61986.8", "0.021"]], "a": [["61988.6", "1.434"], ["61988.9", "0.017"], ["61989.2", "0.001"], ["61989.3", "0.001"], ["61989.5", "0.009"], ["61989.6", "0.001"], ["61989.9", "0.001"], ["61990", "0.105"], ["61990.7", "0.01"], ["61990.8", "0.549"]], "ts": 1728151198354, "u": 56545798, "seq": 248650724029, "cts": 1728151198346}, "retExtInfo": {}, "time": 1728151198363}, {"retCode": 0, "retMsg": "OK", "result": {"s": "BTCUSDT", "b": [["61988.5", "10.958"], ["61988.4", "0.898"], ["61988.3", "0.853"], ["61988.1", "0.003"], ["61988", "0.035"], ["61987.8", "0.813"], ["61987.5", "0.001"], ["61987.3", "0.806"], ["61986.9", "0.001"], ["61986.8", "0.021"]], "a": [["61988.6", "2.261"], ["61988.9", "0.017"], ["61989.2", "0.001"], ["61989.3", "0.001"], ["61989.5", "0.009"], ["61989.6", "0.001"], ["61989.9", "0.001"], ["61990", "0.105"], ["61990.7", "0.01"], ["61990.8", "0.549"]], "ts": 1728151199754, "u": 56545812, "seq": 248650731732, "cts": 1728151199736}, "retExtInfo": {}, "time": 1728151199790}, {"retCode": 0, "retMsg": "OK", "result": {"s": "BTCUSDT", "b": [["61994", "5.844"], ["61993.6", "0.004"], ["61993.5", "9.642"], ["61993.3", "5.551"], ["61993.2", "0.022"], ["61993.1", "6.793"], ["61992.9", "10.188"], ["61992.5", "25.889"], ["61992.4", "29.916"], ["61992.3", "3.247"]], "a": [["61994.1", "0.016"], ["61994.3", "0.001"], ["61994.6", "0.001"], ["61994.8", "0.016"], ["61994.9", "0.081"], ["61995.4", "0.001"], ["61995.5", "0.001"], ["61995.8", "0.015"], ["61996.1", "0.001"], ["61996.5", "0.015"]], "ts": 1728151201459, "u": 56545829, "seq": 248650747761, "cts": 1728151201454}, "retExtInfo": {}, "time": 1728151201560}, {"retCode": 0, "retMsg": "OK", "result": {"s": "BTCUSDT", "b": [["62003.7", "9.587"], ["62003.6", "4.625"], ["62003.5", "4.39"], ["62003.4", "0.113"], ["62003.2", "1.776"], ["62003", "0.001"], ["62002.4", "0.001"], ["62002.3", "2.256"], ["62001.8", "1.139"], ["62001.7", "0.263"]], "a": [["62003.8", "4.159"], ["62003.9", "0.004"], ["62004.4", "0.036"], ["62004.7", "0.001"], ["62004.9", "0.002"], ["62005.1", "0.016"], ["62005.2", "0.001"], ["62005.5", "0.001"], ["62006", "0.073"], ["62006.1", "0.001"]], "ts": 1728151202855, "u": 56545843, "seq": 248650772563, "cts": 1728151202850}, "retExtInfo": {}, "time": 1728151202902}, {"retCode": 0, "retMsg": "OK", "result": {"s": "BTCUSDT", "b": [["61996.9", "0.024"], ["61996.6", "0.001"], ["61996.2", "0.001"], ["61995.9", "0.001"], ["61995.7", "0.001"], ["61995.6", "0.001"], ["61995.5", "0.001"], ["61995.3", "0.006"], ["61995", "0.001"], ["61994.7", "0.001"]], "a": [["61997", "14.841"], ["61997.1", "3.731"], ["61997.2", "0.038"], ["61997.3", "0.001"], ["61997.5", "0.002"], ["61998", "0.073"], ["61998.5", "0.17"], ["61998.6", "0.001"], ["61998.7", "2.591"], ["61998.8", "2.816"]], "ts": 1728151204258, "u": 56545857, "seq": 248650787741, "cts": 1728151204254}, "retExtInfo": {}, "time": 1728151204289}, {"retCode": 0, "retMsg": "OK", "result": {"s": "BTCUSDT", "b": [["61988.5", "8.878"], ["61988.4", "0.056"], ["61988.3", "0.853"], ["61988.2", "0.006"], ["61988.1", "0.004"], ["61988", "0.001"], ["61987.8", "0.806"], ["61987.5", "0.001"], ["61987.4", "1.374"], ["61987.3", "0.806"]], "a": [["61988.6", "3.634"], ["61988.7", "0.001"], ["61989.3", "0.002"], ["61989.9", "0.289"], ["61990", "0.073"], ["61990.7", "2.376"], ["61990.8", "1.414"], ["61991.5", "0.001"], ["61991.8", "0.001"], ["61992", "0.073"]], "ts": 1728151205954, "u": 56545874, "seq": 248650809409, "cts": 1728151205952}, "retExtInfo": {}, "time": 1728151205956}, {"retCode": 0, "retMsg": "OK", "result": {"s": "BTCUSDT", "b": [["61988.5", "10.741"], ["61988.4", "0.056"], ["61988.3", "0.853"], ["61988.2", "0.006"], ["61988.1", "0.004"], ["61988", "0.013"], ["61987.8", "0.809"], ["61987.5", "0.001"], ["61987.4", "1.374"], ["61987.3", "0.806"]], "a": [["61988.6", "0.021"], ["61988.7", "0.002"], ["61989.3", "0.002"], ["61991.5", "0.001"], ["61991.8", "0.001"], ["61991.9", "0.488"], ["61992", "0.073"], ["61992.5", "0.703"], ["61992.6", "0.116"], ["61992.7", "0.702"]], "ts": 1728151207354, "u": 56545888, "seq": 248650826027, "cts": 1728151207351}, "retExtInfo": {}, "time": 1728151207372}, {"retCode": 0, "retMsg": "OK", "result": {"s": "BTCUSDT", "b": [["61988.5", "10.741"], ["61988.4", "0.049"], ["61988.3", "0.853"], ["61988.2", "0.006"], ["61988.1", "0.004"], ["61988", "0.013"], ["61987.8", "0.806"], ["61987.5", "0.001"], ["61987.4", "1.374"], ["61987.3", "0.806"]], "a": [["61988.6", "0.037"], ["61988.7", "0.002"], ["61989.3", "0.002"], ["61991.5", "0.001"], ["61991.8", "0.001"], ["61991.9", "0.488"], ["61992", "0.073"], ["61992.5", "0.703"], ["61992.6", "0.116"], ["61992.7", "0.702"]], "ts": 1728151208754, "u": 56545902, "seq": 248650840779, "cts": 1728151208745}, "retExtInfo": {}, "time": 1728151208806}, {"retCode": 0, "retMsg": "OK", "result": {"s": "BTCUSDT", "b": [["61993.8", "9.228"], ["61993.6", "0.977"], ["61993.1", "0.002"], ["61992.4", "1.034"], ["61991.9", "1.312"], ["61991.4", "0.822"], ["61990.8", "0.07"], ["61990.6", "0.001"], ["61990.1", "0.015"], ["61990", "0.001"]], "a": [["61993.9", "7.093"], ["61994", "0.073"], ["61994.4", "0.001"], ["61994.5", "0.001"], ["61994.7", "0.67"], ["61994.8", "0.586"], ["61995", "0.016"], ["61995.4", "0.001"], ["61995.5", "0.001"], ["61995.8", "0.001"]], "ts": 1728151210354, "u": 56545918, "seq": 248650852004, "cts": 1728151210352}, "retExtInfo": {}, "time": 1728151210444}, {"retCode": 0, "retMsg": "OK", "result": {"s": "BTCUSDT", "b": [["61993.8", "10.044"], ["61993.6", "0.977"], ["61993.1", "0.002"], ["61992.4", "1.034"], ["61991.9", "1.312"], ["61991.7", "0.006"], ["61991.4", "0.822"], ["61990.8", "0.07"], ["61990.6", "0.001"], ["61990.1", "0.015"]], "a": [["61993.9", "4.947"], ["61994", "0.073"], ["61994.4", "0.001"], ["61994.5", "0.001"], ["61994.7", "0.67"], ["61994.8", "0.586"], ["61995", "0.016"], ["61995.4", "0.001"], ["61995.5", "0.001"], ["61995.8", "0.001"]], "ts": 1728151211854, "u": 56545933, "seq": 248650855424, "cts": 1728151211845}, "retExtInfo": {}, "time": 1728151211888}]